<record><leader>00000cas a22000007a 4500</leader><controlfield tag="001">9909889</controlfield><controlfield tag="008">830915c19529999lauwr ne      0    0eng  </controlfield><controlfield tag="009">466</controlfield><datafield ind1=" " ind2=" " tag="010"><subfield code="a">sn 83016572 </subfield></datafield><datafield ind1=" " ind2=" " tag="040"><subfield code="a">DLC</subfield><subfield code="b">eng</subfield><subfield code="c">DLC</subfield><subfield code="d">NPU</subfield><subfield code="d">NPX</subfield><subfield code="d">DLC</subfield><subfield code="d">LNP</subfield><subfield code="d">OCLCQ</subfield><subfield code="d">OCLCO</subfield><subfield code="d">OCLCF</subfield></datafield><datafield ind1="1" ind2=" " tag="029"><subfield code="a">AU@</subfield><subfield code="b">000020276406</subfield></datafield><datafield ind1=" " ind2=" " tag="037"><subfield code="b">Franklin Sun, 604 Prairie St., P.O. Box 550, Winnsboro, LA 71295</subfield></datafield><datafield ind1=" " ind2=" " tag="042"><subfield code="a">msc</subfield></datafield><datafield ind1="0" ind2="0" tag="050"><subfield code="a">Newspaper 8006</subfield></datafield><datafield ind1="0" ind2=" " tag="130"><subfield code="a">Franklin sun (Winnsboro, La. : 1952)</subfield></datafield><datafield ind1="0" ind2="4" tag="245"><subfield code="a">The Franklin sun.</subfield></datafield><datafield ind1=" " ind2=" " tag="260"><subfield code="a">Winnsboro, La. :</subfield><subfield code="b">Franklin Sun Pub. Co.</subfield></datafield><datafield ind1=" " ind2=" " tag="300"><subfield code="a">v. ;</subfield><subfield code="c">57-61 cm.</subfield></datafield><datafield ind1=" " ind2=" " tag="310"><subfield code="a">Weekly,</subfield><subfield code="b">1953-</subfield></datafield><datafield ind1=" " ind2=" " tag="321"><subfield code="a">Semiweekly,</subfield><subfield code="b">Nov. 20-Dec. 25, 1952</subfield></datafield><datafield ind1="0" ind2=" " tag="362"><subfield code="a">Vol. 96, no. 29 (Nov. 20, 1952)-</subfield></datafield><datafield ind1=" " ind2="0" tag="651"><subfield code="a">Winnsboro (La.)</subfield><subfield code="v">Newspapers.</subfield></datafield><datafield ind1=" " ind2="7" tag="655"><subfield code="a">Newspapers.</subfield><subfield code="2">fast</subfield><subfield code="0">(OCoLC)fst01423814</subfield></datafield><datafield ind1=" " ind2="7" tag="651"><subfield code="a">Louisiana</subfield><subfield code="z">Winnsboro.</subfield><subfield code="2">fast</subfield><subfield code="0">(OCoLC)fst01229068</subfield></datafield><datafield ind1=" " ind2=" " tag="752"><subfield code="a">United States</subfield><subfield code="b">Louisiana</subfield><subfield code="c">Franklin</subfield><subfield code="d">Winnsboro.</subfield></datafield><datafield ind1="0" ind2="0" tag="780"><subfield code="t">Franklin sun-Franklin Parish news</subfield><subfield code="w">(DLC)sn 88064373</subfield></datafield></record>